{
  "leader": "01099nam a2200241Ii 4500",
  "fields": [
    {
      "001": "bslw09820183"
    },
    {
      "003": "UtOrBLW"
    },
    {
      "005": "20211116154908.0"
    },
    {
      "008": "211116s1957\\\\\\\\maua\\\\\\\\\\b\\\\\\\\001\\0\\eng\\u"
    },
    {
      "040": {
        "ind1": "\\",
        "ind2": "\\",
        "subfields": [
          {
            "a": "UtOrBLW"
          },
          {
            "b": "eng"
          },
          {
            "e": "rda"
          },
          {
            "c": "UtOrBLW"
          }
        ]
      }
    },
    {
      "043": {
        "ind1": "\\",
        "ind2": "\\",
        "subfields": [
          {
            "a": "n-us---"
          }
        ]
      }
    },
    {
      "082": {
        "ind1": "0",
        "ind2": "4",
        "subfields": [
          {
            "a": "362.110973"
          },
          {
            "b": "HOS"
          }
        ]
      }
    },
    {
      "245": {
        "ind1": "0",
        "ind2": "0",
        "subfields": [
          {
            "a": "Hospital care in the United States :"
          },
          {
            "b": "a study of the function of the general hospital, its role in the care of all types of illness, and the conduct of activities related to patient service with recommendations for its extension and integration for more adequate care of the American public /"
          },
          {
            "c": "the Commission on Hospital Care."
          }
        ]
      }
    },
    {
      "264": {
        "ind1": "\\",
        "ind2": "1",
        "subfields": [
          {
            "a": "Cambridge, Massachusetts :"
          },
          {
            "b": "Harvard University Press,"
          },
          {
            "c": "1957."
          }
        ]
      }
    },
    {
      "300": {
        "ind1": "\\",
        "ind2": "\\",
        "subfields": [
          {
            "a": "xxiv, 631 pages :"
          },
          {
            "b": "illustrations ;"
          },
          {
            "c": "24 cm"
          }
        ]
      }
    },
    {
      "336": {
        "ind1": "\\",
        "ind2": "\\",
        "subfields": [
          {
            "a": "text"
          },
          {
            "b": "txt"
          },
          {
            "2": "rdacontent"
          }
        ]
      }
    },
    {
      "337": {
        "ind1": "\\",
        "ind2": "\\",
        "subfields": [
          {
            "a": "unmediated"
          },
          {
            "b": "n"
          },
          {
            "2": "rdamedia"
          }
        ]
      }
    },
    {
      "338": {
        "ind1": "\\",
        "ind2": "\\",
        "subfields": [
          {
            "a": "volume"
          },
          {
            "b": "nc"
          },
          {
            "2": "rdacarrier"
          }
        ]
      }
    },
    {
      "504": {
        "ind1": "\\",
        "ind2": "\\",
        "subfields": [
          {
            "a": "Includes bibliographical references and index."
          }
        ]
      }
    },
    {
      "650": {
        "ind1": "\\",
        "ind2": "0",
        "subfields": [
          {
            "a": "Hospital care"
          },
          {
            "z": "United States."
          }
        ]
      }
    },
    {
      "700": {
        "ind1": "1",
        "ind2": "\\",
        "subfields": [
          {
            "a": "Commission on Hospital Care,"
          },
          {
            "e": "issuing body."
          }
        ]
      }
    },
    {
      "999": {
        "ind1": "\\",
        "ind2": "\\",
        "subfields": [
          {
            "a": "no barcode in first copy"
          }
        ]
      }
    },
    {
      "999": {
        "ind1": "\\",
        "ind2": "\\",
        "subfields": [
          {
            "a": "no barcode in second copy"
          }
        ]
      }
    }
  ]
}